@article{gerzon_70a,
  title={The Principles of Quadraphonic Recording Part One: Are Four Channels Really Necessary?},
  volume={12},
  number={8},
  journal={Studio Sound},
  author={Michael Gerzon},
  year={1970}
}

@article{gerzon_70b,
  title={The Principles of Quadraphonic Recording Part Two: The Vertical Element},
  volume={12},
  number={9},
  journal={Studio Sound},
  author={Michael Gerzon},
  year={1970}
}

@article{gerzon_75,
  title={Ambisonics. Part two: Studio techniques},
  volume={17},
  number={8},
  journal={Studio Sound},
  author={Michael Gerzon},
  year={1975}
}

@article{fellgett_75,
  title={Ambisonics. Part one: General system description},
  volume={17},
  number={8},
  journal={Studio Sound},
  author={Peter Fellgett},
  year={1975}
}

@incollection{nono85,
  AUTHOR = {Nono, Luigi},
  TITLE = {Altre possibilit√† di ascolto},
  YEAR = {1985},
  BOOKTITLE = {Scritti e Colloqui I},
  EDITOR = {De Benedictis, Angela Ida and Rizzardi, Veniero},
  PUBLISHER = {Ricordi LIM}
}

@Article{smalley_1997,
  author  = {Smalley, Denis},
  journal = {Organised Sound},
  title   = {Spectromorphology: explaining sound-shapes},
  year    = {1997},
  number  = {2},
  volume  = {2},
  doi     = {10.1017/s1355771897009059},
}

@Book{nono2001scritti,
  author    = {Nono, Luigi},
  editor    = {De Benedictis, A.I. and Rizzardi, V.},
  publisher = {Ricordi},
  title     = {Scritti e colloqui},
  year      = {2001},
  isbn      = {9788875926946},
  series    = {Le Sfere. Collana di studi musicali / diretta da Luigi Pestalozza},
  volume    = {I},
  lccn      = {2002420609},
}

@Comment{jabref-meta: databaseType:bibtex;}
